<record><leader>00000cas a22000007a 4500</leader><controlfield tag="001">8770048</controlfield><controlfield tag="008">820913d18671875caudn ne      0    0eng  </controlfield><datafield ind1=" " ind2=" " tag="010"><subfield code="a">sn 82006525 </subfield></datafield><datafield ind1=" " ind2=" " tag="040"><subfield code="a">DLC</subfield><subfield code="b">eng</subfield><subfield code="c">DLC</subfield><subfield code="d">NPX</subfield><subfield code="d">DLC</subfield><subfield code="d">CNK</subfield><subfield code="d">OCLCQ</subfield><subfield code="d">DLC</subfield><subfield code="d">OCLCO</subfield><subfield code="d">OCLCQ</subfield><subfield code="d">OCLCF</subfield><subfield code="d">AQM</subfield><subfield code="d">IUL</subfield><subfield code="d">OCL</subfield></datafield><datafield ind1=" " ind2=" " tag="042"><subfield code="a">msc</subfield></datafield><datafield ind1=" " ind2=" " tag="043"><subfield code="a">n-us-ca</subfield></datafield><datafield ind1="0" ind2="0" tag="050"><subfield code="a">Newspaper 7114-X</subfield></datafield><datafield ind1="0" ind2="0" tag="245"><subfield code="a">Sacramento daily record.</subfield></datafield><datafield ind1="3" ind2="0" tag="246"><subfield code="a">Daily evening record</subfield></datafield><datafield ind1="1" ind2="3" tag="246"><subfield code="a">Daily record</subfield></datafield><datafield ind1=" " ind2=" " tag="260"><subfield code="a">Sacramento [Calif.] :</subfield><subfield code="b">J.J. Keegan &amp; Co.</subfield></datafield><datafield ind1=" " ind2=" " tag="300"><subfield code="a">v. :</subfield><subfield code="b">ill. (chiefly advertisements) ;</subfield><subfield code="c">69 cm.</subfield></datafield><datafield ind1=" " ind2=" " tag="310"><subfield code="a">Daily (except Sun.)</subfield></datafield><datafield ind1="0" ind2=" " tag="362"><subfield code="a">-v. 16, whole no. 2454 (Feb. 20, 1875).</subfield></datafield><datafield ind1="1" ind2=" " tag="362"><subfield code="a">Began in 1867.</subfield></datafield><datafield ind1=" " ind2=" " tag="500"><subfield code="a">Published a morning and an evening edition.</subfield></datafield><datafield ind1=" " ind2=" " tag="500"><subfield code="a">Evening ed. published as: Daily evening record, &lt;Nov. 20, 1872&gt;.</subfield></datafield><datafield ind1=" " ind2=" " tag="588"><subfield code="a">Description based on: Vol. 2, whole no. 259 (Dec. 10, 1867).</subfield></datafield><datafield ind1=" " ind2="0" tag="651"><subfield code="a">Sacramento (Calif.)</subfield><subfield code="v">Newspapers.</subfield></datafield><datafield ind1=" " ind2="0" tag="651"><subfield code="a">Sacramento County (Calif.)</subfield><subfield code="v">Newspapers.</subfield></datafield><datafield ind1=" " ind2="7" tag="651"><subfield code="a">California</subfield><subfield code="z">Sacramento County.</subfield><subfield code="2">fast</subfield><subfield code="0">(OCoLC)fst01214200</subfield></datafield><datafield ind1=" " ind2="7" tag="651"><subfield code="a">California</subfield><subfield code="z">Sacramento.</subfield><subfield code="2">fast</subfield><subfield code="0">(OCoLC)fst01205542</subfield></datafield><datafield ind1=" " ind2="7" tag="655"><subfield code="a">Newspapers.</subfield><subfield code="2">fast</subfield><subfield code="0">(OCoLC)fst01423814</subfield></datafield><datafield ind1=" " ind2="7" tag="655"><subfield code="a">Newspapers.</subfield><subfield code="2">rbgenr</subfield></datafield><datafield ind1=" " ind2=" " tag="752"><subfield code="a">United States</subfield><subfield code="b">California</subfield><subfield code="c">Sacramento</subfield><subfield code="d">Sacramento.</subfield></datafield><datafield ind1="0" ind2=" " tag="775"><subfield code="t">Sacramento weekly record</subfield><subfield code="w">(DLC)sn 82015711</subfield><subfield code="w">(OCoLC)8859219</subfield></datafield><datafield ind1="0" ind2=" " tag="775"><subfield code="t">Sacramento semi-weekly record</subfield><subfield code="w">(DLC)sn 93052188</subfield><subfield code="w">(OCoLC)30772959</subfield></datafield><datafield ind1="0" ind2="0" tag="780"><subfield code="t">Daily record (Sacramento, Calif.)</subfield><subfield code="w">(DLC)sn 84035879</subfield><subfield code="w">(OCoLC)11510700</subfield></datafield><datafield ind1="0" ind2="7" tag="785"><subfield code="t">Sacramento daily union</subfield><subfield code="w">(DLC)sn 82014928</subfield><subfield code="w">(OCoLC)8801084</subfield></datafield><datafield ind1="0" ind2="7" tag="785"><subfield code="t">Sacramento daily record-union</subfield><subfield code="x">2151-3899</subfield><subfield code="w">(DLC)sn 82014381</subfield><subfield code="w">(OCoLC)8800957</subfield></datafield><datafield ind1="1" ind2=" " tag="029"><subfield code="a">AU@</subfield><subfield code="b">000025798022</subfield></datafield></record>